@MastersThesis{WorkSimek,
	title = {Transformace výrazů z Editoru Rovnic do LaTeXu},
	author = {Jiří Šimek},
	school = {Vysoké učení technické v Brně. Fakulta informačních technologií. Ústav informačních
		systémů},
	type = {Bakalářská práce},
	year = {2009},
	url = {https://dspace.vutbr.cz/bitstream/handle/11012/54447/final-thesis.pdf?sequence=1&isAllowed=y},
}

@MastersThesis{WorkHolan,
	title = {Editor matematických výrazů},
	author = {David Holaň},
	school = {Univerzita Karlova, Matematicko-fyzikální fakulta},
	type = {Bakalářská práce},
	year = {2009},
	url = {https://dspace.cuni.cz/bitstream/handle/20.500.11956/29339/BPTX_2007_1_11320_0_229592_0_49541.pdf?sequence=1&isAllowed=y},
}

@InBook{book2006,
	title = {LaTeX},
	author = {Wikibooks-contributors},
	chapter = {Introduction},
	pages = {9},
	publisher = {Printellegra company},
	year = {2006},
	ISBN = {1449983146},
}

@Misc{onlineFEKT,
    title = {Co je Latex},
	author = {Petr Sysel and Pavel Rajmic},
	howpublished = {[online]},
	url = {https://latex.feec.vutbr.cz/co-je-latex/},
}

@Misc{OnlineFIT,
	title = {Editory, nástroje},
	author = {David Martinek},
	howpublished = {[online]},
	year = {14. červen 2006},
	url = {http://www.fit.vutbr.cz/~martinek/latex/editors.html#01},
}

@Article{FullArticle,
    journal = {Zpravodaj Československého sdružení uživatelů TeXu},
	title = {TeX pro pragmatiky},
	author = {Petr Olšák},
	number = {1-4},
	volume = {24},
	pages = {23-28},
	address ={Brno},
	year = {2014},
	ISSN = {1211-6661},
}

@InBook{book2003,
	title = {Guide to LaTeX (Adobe Reader)},
	author = {Helmut Kopka and Patrick W. Daly},
	pages = {15},
	chapter = {Basics of LATEX file},
	publisher = {Pearson Education, 2003},
	year = {2003},
	edition = {4},
	ISBN = {0321617746},
}

@Article{TypografieArticle,
    journal = {She Ji: The Journal of Design, Economics, and Innovation},
	title = {Using Typography to Expand the Design Space of Data Visualization},
	author = {Richard Brath and Ebad Banissi},
	number = {1},
	volume = {2},
	pages = {59-87},
	year = {2016},
}

@Article{MathArticle,
    journal = {Engineering Applications of Artificial Intelligence},
	title = {A video-based text and equation editor for LaTeX},
	author = {Özcan Öksüz and Uğur Güdükbay and Enis Çetin},
	number = {6},
	volume = {21},
	pages = {952-960},
	year = {2008},
}

@Misc{OnlineOverleaf,
	title = {Font typefaces},
	author = {Overleaf},
	howpublished = {[online]},
	url = {https://cs.overleaf.com/learn/latex/Font_typefaces},
}
